@article
{ BNF,
  title={Backus-naur form (bnf)},
  author={McCracken, Daniel D and Reilly, Edwin D},
  year={2003},
  publisher={John Wiley and Sons Ltd.}
}

@article
{ TranX,
  title={Tranx: A transition-based neural abstract syntax parser for semantic parsing and code generation},
  author={Yin, Pengcheng and Neubig, Graham},
  journal={arXiv preprint arXiv:1810.02720},
  year={2018}
}

@article
{ ProgT,
  title={Generic algorithm patterns},
  author={Gregorics, Tibor and Sike, S{\'a}ndor},
  journal={Proceedings of Formal Methods in Computer Science Education FORMED},
  pages={141--150},
  year={2008},
  publisher={Citeseer}
}

@inproceedings
{ ASDL,
  title={The Zephyr Abstract Syntax Description Language.},
  author={Wang, Daniel C and Appel, Andrew W and Korn, Jeffrey L and Serra, Christopher S},
  booktitle={DSL},
  volume={97},
  pages={17--17},
  year={1997}
}

@article
{ Tree,
  title={StructVAE: Tree-structured latent variable models for semi-supervised semantic parsing},
  author={Yin, Pengcheng and Zhou, Chunting and He, Junxian and Neubig, Graham},
  journal={arXiv preprint arXiv:1806.07832},
  year={2018}
}

@article{
  ASN,
  title={Abstract syntax networks for code generation and semantic parsing},
  author={Rabinovich, Maxim and Stern, Mitchell and Klein, Dan},
  journal={arXiv preprint arXiv:1704.07535},
  year={2017}
}

@article{
  Sum,
  title={Force of summation},
  author={Gregorics, Tibor},
  journal={Teaching Mathematics and Computer Science, Debrecen},
  volume={10},
  number={1},
  pages={1--15},
  year={2014}
}

@inproceedings
{ Stack,
  title={Learning to mine aligned code and natural language pairs from stack overflow},
  author={Yin, Pengcheng and Deng, Bowen and Chen, Edgar and Vasilescu, Bogdan and Neubig, Graham},
  booktitle={2018 IEEE/ACM 15th International Conference on Mining Software Repositories (MSR)},
  pages={476--486},
  year={2018},
  organization={IEEE}
}

@inproceedings
{ BLEU,
  title={BLEU: a method for automatic evaluation of machine translation},
  author={Papineni, Kishore and Roukos, Salim and Ward, Todd and Zhu, Wei-Jing},
  booktitle={Proceedings of the 40th annual meeting on association for computational linguistics},
  pages={311--318},
  year={2002},
  organization={Association for Computational Linguistics}
}

@inproceedings
{
  overfit1,
  title={Lessons in neural network training: Overfitting may be harder than expected},
  author={Lawrence, Steve and Giles, C Lee and Tsoi, Ah Chung},
  booktitle={AAAI/IAAI},
  pages={540--545},
  year={1997},
  organization={Citeseer}
}

@inproceedings{
  overfit2,
  title={Overfitting and neural networks: conjugate gradient and backpropagation},
  author={Lawrence, Steve and Giles, C Lee},
  booktitle={Proceedings of the IEEE-INNS-ENNS International Joint Conference on Neural Networks. IJCNN 2000. Neural Computing: New Challenges and Perspectives for the New Millennium},
  volume={1},
  pages={114--119},
  year={2000},
  organization={IEEE}
}

@inproceedings
{ super,
  title={Supervised learning techniques for backpropagation networks},
  author={Allred, Lloyd G and Kelly, Gary E},
  booktitle={1990 IJCNN International Joint Conference on Neural Networks},
  pages={721--728},
  year={1990},
  organization={IEEE}
}

@article{
  text1,
  title={Latent semantic analysis for text categorization using neural network},
  author={Yu, Bo and Xu, Zong-ben and Li, Cheng-hua},
  journal={Knowledge-Based Systems},
  volume={21},
  number={8},
  pages={900--904},
  year={2008},
  publisher={Elsevier}
}

@inproceedings{
  text2,
  title={Sentiment analysis using convolutional neural network},
  author={Ouyang, Xi and Zhou, Pan and Li, Cheng Hua and Liu, Lijun},
  booktitle={2015 IEEE international conference on computer and information technology; ubiquitous computing and communications; dependable, autonomic and secure computing; pervasive intelligence and computing},
  pages={2359--2364},
  year={2015},
  organization={IEEE}
}