@inproceedings{Aar92a,
  title={Uniform recognition for acyclic context-sensitive grammars is NP-complete},
  author={Aarts, Erik},
  booktitle={COLING 1992 Volume 4: The 15th International Conference on Computational Linguistics},
  year={1992}}
@inproceedings{Bac59a,
  author = {John Warner Backus},
  title = {The Syntax and Semantics of the Proposed International Algebraic Language of the Zurich ACM-GAMM Conference},
  booktitle = {Proceedings of the International Conference on Information Processing},
  year = {1959},
  organization = {UNESCO},
  pages = {125-132}}
@inproceedings{BCB15a,
  title={Neural machine translation by jointly learning to align and translate},
  author={Bahdanau, Dzmitry and Cho, Kyunghyun and Bengio, Yoshua},
  booktitle={3rd International Conference on Learning Representations, ICLR 2015},
  year={2015}}
@book{BKL09a,
  title={Natural language processing with Python: analyzing text with the natural language toolkit},
  author={Bird, Steven and Klein, Ewan and Loper, Edward},
  year={2009},
  publisher="{ O'Reilly Media, Inc.}"}
@inproceedings{Cho+14a,
  title={Learning Phrase Representations using RNN Encoder--Decoder for Statistical Machine Translation},
  author={Cho, Kyunghyun and van Merri{\"e}nboer, Bart and Gulcehre, Caglar and Bahdanau, Dzmitry and Bougares, Fethi and Schwenk, Holger and Bengio, Yoshua},
  booktitle={Proceedings of the 2014 Conference on Empirical Methods in Natural Language Processing (EMNLP)},
  pages={1724--1734},
  year={2014}}
@techreport{CO08a,
  title = {Augmented BNF for syntax specifications: ABNF},
  author = {Crocker, Dave and Overell, Paul},
  year = {2008},
  institution = {RFC 5234, November},
  url = {https://tools.ietf.org/html/rfc5234},
  urldate = {2020-10-19}}
@online{Dee16a,
   author = "{DeepCode Limited}",
   title = "{DeepCode: Semantic static code analysis for better software - powered by AI}",
   year = {2016},
   url = {https://www.deepcode.ai/},
   urldate = {2020-12-01}}
@online{Dee16b,
  author = "{DeepMind Technologies}",
  title = {Card2Code: Collectible Card Game to Code Dataset},
  year = {2016},
  url = {https://github.com/deepmind/card2code},
  urldate = {2020-11-15}}
@thesis{For04a,
  title={Parsing Expression Grammars: A Recognition-Based Syntactic Foundation},
  author={Ford, Bryan},
  booktitle={Proceedings of the 31st ACM SIGPLAN-SIGACT symposium on Principles of programming languages-POPL},
  year={2004},
  volume={4},
  pages={28}}
@unpublished{GCM20a,
  author = {Gyarmathy, Bálint and Czapp, Ádám Tibor and Mucsányi, Bálint},
  title = {FlexCoder: Gyakorlati programszintézis flexibilis input-hosszokkal és kifejező lambdafüggvényekkel},
  year = {2020},
  eventdate = {2020-12-16},
  howpublished = {ELTE IK Tudományos Diákköri Konferencia}}
@article{Gre10a,
  title={Programming theorems on enumerator},
  author={Gregorics, Tibor},
  journal={Teaching Mathematics and Computer Science, Debrecen},
  volume={8},
  number={1},
  pages={89--108},
  year={2010}}
@article{HS97a,
  title={Long short-term memory},
  author={Hochreiter, Sepp and Schmidhuber, J{\"u}rgen},
  journal={Neural computation},
  volume={9},
  number={8},
  pages={1735--1780},
  year={1997},
  publisher={MIT Press}}
@article{KD19a,
  author = {Kamath, Aishwarya and Das, Rajarshi},
  title = {A survey on semantic parsing},
  eventtitle = {Automated Knowledge Base Construction},
  year = {2019}}
@online{Kuca,
  author = {Andrew Kuchling},
  title = {Regular Expression HOWTO},
  url = {https://docs.python.org/3/howto/regex.html},
  urldate = {2020-11-14}}
@inproceedings{Lin+16a,
  title={Latent Predictor Networks for Code Generation},
  author={Ling, Wang and Blunsom, Phil and Grefenstette, Edward and Hermann, Karl Moritz and Ko{\v{c}}isk{\`y}, Tom{\'a}{\v{s}} and Wang, Fumin and Senior, Andrew},
  booktitle={Proceedings of the 54th Annual Meeting of the Association for Computational Linguistics (Volume 1: Long Papers)},
  pages={599--609},
  year={2016}}
@online{Mic18a,
  author = "{Microsoft Corporation}",
  title = "{Visual Studio IntelliCode - AI-assisted development}",
  year = {2018},
  url = {https://visualstudio.microsoft.com/services/intellicode/},
  urldate = {2020-12-01}}
@inproceedings{NW01a,
  title={The growing context-sensitive languages are the acyclic context-sensitive languages},
  author={Niemann, Gundula and Woinowski, Jens R},
  booktitle={International Conference on Developments in Language Theory},
  pages={197--205},
  year={2001},
  organization={Springer}}
@inproceedings{Pap+02a,
  title={BLEU: a method for automatic evaluation of machine translation},
  author={Papineni, Kishore and Roukos, Salim and Ward, Todd and Zhu, Wei-Jing},
  booktitle={Proceedings of the 40th annual meeting of the Association for Computational Linguistics},
  pages={311--318},
  year={2002}}
@techreport{Pit18a,
  title = "{Pickle protocol 5 with out-of-band data}",
  author = {Antoine Pitrou},
  year = {2018},
  type = {PEP},
  number = {574},
  url = {https://www.python.org/dev/peps/pep-0574/},
  urldate = {2020-11-14}}
@article{PQ95a,
  title={ANTLR: A predicated-LL (k) parser generator},
  author={Parr, Terence J. and Quong, Russell W.},
  journal={Software: Practice and Experience},
  volume={25},
  number={7},
  pages={789--810},
  year={1995},
  publisher={Wiley Online Library}}
@inbook{Pra10a,
  author = "{Pratt-Hartmann, Ian}",
  publisher = {John Wiley \& Sons Ltd},
  isbn = {9781444324044},
  title = {Computational Complexity in Natural Language},
  booktitle = {The Handbook of Computational Linguistics and Natural Language Processing},
  chapter = {2},
  pages = {43-73},
  year = {2010}}
@online{PSF20a,
  author = {PSF, Python Software Foundation},
  title = {Lexical Analysis},
  year = {2020},
  url = {https://python.readthedocs.io/en/latest/reference/lexical_analysis.html},
  urldate = {2020-12-14}}
@online{PSF20b,
  author = {PSF, Python Software Foundation},
  title = {Design of CPython's Compiler},
  year = {2020},
  url = {https://python.readthedocs.io/en/latest/reference/lexical_analysis.html},
  urldate = {2020-12-14}}
@article{Red77a,
  author = {Dabbala Rajagopal Reddy},
  title = {Speech Understanding Systems: A Summary of Results of the Five-Year Research Effort. Department of Computer Science},
  year = {1977}}
@techreport{RGN20a,
  author  = {Guido van Rossum and Pablo Galindo and Lysandros Nikolaou},
  title   = {New PEG parser for CPython},
  year    = {2020},
  type    = {PEP},
  number  = {617},
  url     = {https://www.python.org/dev/peps/pep-0617/},
  urldate = {2020-11-14}}
@inproceedings{RSK17a,
  title={Abstract Syntax Networks for Code Generation and Semantic Parsing},
  author={Rabinovich, Maxim and Stern, Mitchell and Klein, Dan},
  booktitle={Proceedings of the 55th Annual Meeting of the Association for Computational Linguistics (Volume 1: Long Papers)},
  pages={1139--1149},
  year={2017}}
@online{Saja,
  title = {Logging HOWTO},
  author = {Vinay Sajip},
  url = {https://docs.python.org/3/howto/logging.html},
  urldate = {2020-12-03}}
@online{Tora,
  title = {PyTorch Reproducibility},
  author = "{Torch Contributors}",
  url = {https://pytorch.org/docs/stable/notes/randomness.html},
  urldate = {2020-12-11}}
@inproceedings{Wan+97a,
  title={The Zephyr Abstract Syntax Description Language.},
  author={Wang, Daniel C and Appel, Andrew W and Korn, Jeffrey L and Serra, Christopher S},
  booktitle={Domain-Specific Languages, DSL},
  volume={97},
  pages={17--17},
  year={1997}}
@article{Wir77a,
  title={What can we do about the unnecessary diversity of notation for syntactic definitions?},
  author={Wirth, Niklaus},
  journal={Communications of the ACM},
  volume={20},
  number={11},
  pages={822--823},
  year={1977},
  publisher={ACM New York, NY, USA}}
@inproceedings{Yin+18a,
  author = {Yin, Pengcheng and Deng, Bowen and Chen, Edgar and Vasilescu, Bogdan and Neubig, Graham},
  title = {Learning to Mine Aligned Code and Natural Language Pairs from Stack Overflow},
  booktitle = {International Conference on Mining Software Repositories},
  series = {MSR},
  pages = {476--486},
  year = {2018},
  publisher = {ACM},
  doi = {https://doi.org/10.1145/3196398.3196408}}
@inproceedings{YN18a,
  author = {Pengcheng Yin and Graham Neubig},
  title = {{TRANX}: A Transition-based Neural Abstract Syntax Parser for Semantic Parsing and Code Generation},
  booktitle = {Conference on Empirical Methods in Natural Language Processing (EMNLP) Demo Track},
  year = {2018}}
